<?xml version="1.0" encoding="UTF-8"?><collection xmlns="http://www.loc.gov/MARC21/slim"><record><leader>00510nam--2200181-i-4500</leader><controlfield tag="001">000035802</controlfield><controlfield tag="002">20161230</controlfield><controlfield tag="005">20161230201040</controlfield><controlfield tag="008">060222s1000------------r-----000-0-eng-d</controlfield><datafield ind1=" " ind2=" " tag="040"><subfield code="a">IFIN-HH</subfield></datafield><datafield ind1=" " ind2=" " tag="080"><subfield code="a">629.13(038)=40=590</subfield></datafield><datafield ind1="1" ind2=" " tag="100"><subfield code="a">Pantazopol, Dan</subfield></datafield><datafield ind1="1" ind2="0" tag="245"><subfield code="a">Dictionar de aeronautica francez-roman</subfield><subfield code="c">Dan pantazopol, cornel oprisiu, gheorghe rodan</subfield></datafield><datafield ind1=" " ind2=" " tag="260"><subfield code="a">Bucuresti</subfield><subfield code="b">Editura Tehnica</subfield><subfield code="c">1983</subfield></datafield><datafield ind1=" " ind2=" " tag="300"><subfield code="a">539P</subfield></datafield><datafield ind1="1" ind2=" " tag="700"><subfield code="a">Rodan, Gheorghe</subfield></datafield><datafield ind1=" " ind2=" " tag="852"><subfield code="a">D.594</subfield><subfield code="c">SLT</subfield></datafield><datafield ind1=" " ind2=" " tag="CAT"><subfield code="a">Sys</subfield><subfield code="c">20130227</subfield><subfield code="h">115040</subfield></datafield></record></collection>